<record><leader>00000cas a2200000 a 4500</leader><controlfield tag="001">11530131</controlfield><controlfield tag="008">841228c19609999ksuwr ne      0   a0eng d</controlfield><datafield ind1=" " ind2=" " tag="010"><subfield code="a">sn 84030404 </subfield></datafield><datafield ind1=" " ind2=" " tag="040"><subfield code="a">KSH</subfield><subfield code="b">eng</subfield><subfield code="c">KSH</subfield><subfield code="d">NPT</subfield><subfield code="d">OCL</subfield><subfield code="d">OCLCQ</subfield></datafield><datafield ind1=" " ind2=" " tag="042"><subfield code="a">msc</subfield></datafield><datafield ind1="0" ind2=" " tag="130"><subfield code="a">Harper advocate (Harper, Kan. : 1960)</subfield></datafield><datafield ind1="1" ind2="4" tag="245"><subfield code="a">The Harper advocate.</subfield></datafield><datafield ind1=" " ind2=" " tag="260"><subfield code="a">Harper, Kan. :</subfield><subfield code="b">Robert N. Bolitho,</subfield><subfield code="c">1960-</subfield></datafield><datafield ind1=" " ind2=" " tag="300"><subfield code="a">v. :</subfield><subfield code="b">ill. ;</subfield><subfield code="c">57 cm.</subfield></datafield><datafield ind1=" " ind2=" " tag="310"><subfield code="a">Weekly</subfield></datafield><datafield ind1="0" ind2=" " tag="362"><subfield code="a">Vol. 73, no. 2 (Jan. 14, 1960)-</subfield></datafield><datafield ind1=" " ind2=" " tag="500"><subfield code="a">Published by: Kenneth E. Leu, &lt;Oct. 7, 1976&gt;-Aug. 4, 1977; Kenneth and Jerri Leu, Sept. 1, 1977-</subfield></datafield><datafield ind1=" " ind2=" " tag="525"><subfield code="a">Supplement issued Aug. 25, 1960 called "Harper headache"; Has occasional supplements.</subfield></datafield><datafield ind1=" " ind2=" " tag="752"><subfield code="a">United States</subfield><subfield code="b">Kansas</subfield><subfield code="c">Harper</subfield><subfield code="d">Harper.</subfield></datafield><datafield ind1="0" ind2="0" tag="780"><subfield code="t">Harper advocate and the Harper news</subfield><subfield code="w">(DLC)sn 84030378</subfield></datafield></record>